<?xml version="1.0" encoding="UTF-8"?><collection xmlns="http://www.loc.gov/MARC21/slim"><record><leader>00393nam--2200121-i-4500</leader><controlfield tag="001">000029230</controlfield><controlfield tag="002">20161230</controlfield><controlfield tag="005">20161230201037</controlfield><controlfield tag="008">060222s1000------------r-----000-0-eng-d</controlfield><datafield ind1=" " ind2=" " tag="100"><subfield code="a">Li, Y.T</subfield></datafield><datafield ind1=" " ind2=" " tag="245"><subfield code="a">Draper, c.s</subfield></datafield><datafield ind1=" " ind2=" " tag="260"><subfield code="a">Principles Of Optimalizing Control Systems And Application To The Internal Combustion Engine</subfield></datafield><datafield ind1=" " ind2=" " tag="490"><subfield code="a">New York,American Society Of Mechanical Engineers, 1951. Viii+160p</subfield></datafield></record></collection>